
@misc{IMDBDATA,
 key = {IMDB},
 author = {Internet Movie Database (IMDB)},
 title = {Alternative interfaces: \url{http://www.imdb.com/interfaces}}
}

@misc{IMDB2EMF,
 key = {IMDB},
 author = {Tassilo Horn},
 title = {{IMDB2EMF}: \url{https://github.com/tsdh/imdb2emf}}
}

@Misc{Giraph,
  key = 	 {Apache Giraph},
  author = 	 {{Apache Software Foundation}},
  title = 	 {{Apache Giraph.}},
  note = {\url{http://giraph.apache.org}}
}


@Misc{Hadoop,
 key = {Apache Hadoop},
 author = 	 {{Apache Software Foundation}},  
 title = {{Apache Hadoop.}},
 note = {\url{http://hadoop.apache.org}}
}

@article{Dean08,
 author = {Dean, Jeffrey and Ghemawat, Sanjay},
 title = {{MapReduce}: simplified data processing on large clusters},
 journal = {Commun. ACM},
 issue_date = {January 2008},
 volume = {51},
 number = {1},
 month = jan,
 year = {2008},
 issn = {0001-0782},
 pages = {107--113},
 numpages = {7},
 acmid = {1327492},
 publisher = {ACM},
 address = {New York, NY, USA},
} 